%YAML 1.1
%TAG !u! tag:unity3d.com,2011:
--- !u!1 &81092645
GameObject:
  m_ObjectHideFlags: 0
  m_CorrespondingSourceObject: {fileID: 0}
  m_PrefabInstance: {fileID: 0}
  m_PrefabAsset: {fileID: 0}
  serializedVersion: 6
  m_Component:
  - component: {fileID: 81092646}
  m_Layer: 0
  m_Name: Obstacles
  m_TagString: Untagged
  m_Icon: {fileID: 0}
  m_NavMeshLayer: 0
  m_StaticEditorFlags: 0
  m_IsActive: 1
--- !u!4 &81092646
Transform:
  m_ObjectHideFlags: 0
  m_CorrespondingSourceObject: {fileID: 0}
  m_PrefabInstance: {fileID: 0}
  m_PrefabAsset: {fileID: 0}
  m_GameObject: {fileID: 81092645}
  m_LocalRotation: {x: -0, y: -0, z: -0, w: 1}
  m_LocalPosition: {x: 0, y: 110, z: 0}
  m_LocalScale: {x: 1, y: 1, z: 1}
  m_Children:
  - {fileID: 6173587942869272554}
  - {fileID: 466869225229448320}
  - {fileID: 5186905322085961562}
  - {fileID: 502122183000447655}
  m_Father: {fileID: 4593960628971555896}
  m_RootOrder: 13
  m_LocalEulerAnglesHint: {x: 0, y: 0, z: 0}
--- !u!1 &4593960628576844592
GameObject:
  m_ObjectHideFlags: 0
  m_CorrespondingSourceObject: {fileID: 0}
  m_PrefabInstance: {fileID: 0}
  m_PrefabAsset: {fileID: 0}
  serializedVersion: 6
  m_Component:
  - component: {fileID: 4593960628576844593}
  - component: {fileID: 4593960628576844598}
  m_Layer: 0
  m_Name: BottomLimit
  m_TagString: Untagged
  m_Icon: {fileID: 0}
  m_NavMeshLayer: 0
  m_StaticEditorFlags: 0
  m_IsActive: 1
--- !u!4 &4593960628576844593
Transform:
  m_ObjectHideFlags: 0
  m_CorrespondingSourceObject: {fileID: 0}
  m_PrefabInstance: {fileID: 0}
  m_PrefabAsset: {fileID: 0}
  m_GameObject: {fileID: 4593960628576844592}
  m_LocalRotation: {x: 0, y: 0, z: 0, w: 1}
  m_LocalPosition: {x: 0, y: 0, z: 0}
  m_LocalScale: {x: 1, y: 1, z: 1}
  m_Children: []
  m_Father: {fileID: 4593960628963739036}
  m_RootOrder: 2
  m_LocalEulerAnglesHint: {x: 0, y: 0, z: 0}
--- !u!114 &4593960628576844598
MonoBehaviour:
  m_ObjectHideFlags: 0
  m_CorrespondingSourceObject: {fileID: 0}
  m_PrefabInstance: {fileID: 0}
  m_PrefabAsset: {fileID: 0}
  m_GameObject: {fileID: 4593960628576844592}
  m_Enabled: 1
  m_EditorHideFlags: 0
  m_Script: {fileID: 11500000, guid: 6cc77515eb91bf24bbdff1ceb4367037, type: 3}
  m_Name: 
  m_EditorClassIdentifier: 
  _side: 2
  _enemiesList: {fileID: 11400000, guid: e6d452b56f1c08144bd84c27ba6bf9f2, type: 2}
  _onLimitReached:
    m_PersistentCalls:
      m_Calls: []
--- !u!1 &4593960628582428290
GameObject:
  m_ObjectHideFlags: 0
  m_CorrespondingSourceObject: {fileID: 0}
  m_PrefabInstance: {fileID: 0}
  m_PrefabAsset: {fileID: 0}
  serializedVersion: 6
  m_Component:
  - component: {fileID: 4593960628582428291}
  - component: {fileID: 4593960628582428289}
  - component: {fileID: 4593960628582428288}
  m_Layer: 0
  m_Name: ShootingCoordination
  m_TagString: Untagged
  m_Icon: {fileID: 0}
  m_NavMeshLayer: 0
  m_StaticEditorFlags: 0
  m_IsActive: 1
--- !u!4 &4593960628582428291
Transform:
  m_ObjectHideFlags: 0
  m_CorrespondingSourceObject: {fileID: 0}
  m_PrefabInstance: {fileID: 0}
  m_PrefabAsset: {fileID: 0}
  m_GameObject: {fileID: 4593960628582428290}
  m_LocalRotation: {x: 0, y: 0, z: 0, w: 1}
  m_LocalPosition: {x: 0, y: 0, z: 0}
  m_LocalScale: {x: 1, y: 1, z: 1}
  m_Children: []
  m_Father: {fileID: 4593960628971555896}
  m_RootOrder: 1
  m_LocalEulerAnglesHint: {x: 0, y: 0, z: 0}
--- !u!114 &4593960628582428289
MonoBehaviour:
  m_ObjectHideFlags: 0
  m_CorrespondingSourceObject: {fileID: 0}
  m_PrefabInstance: {fileID: 0}
  m_PrefabAsset: {fileID: 0}
  m_GameObject: {fileID: 4593960628582428290}
  m_Enabled: 1
  m_EditorHideFlags: 0
  m_Script: {fileID: 11500000, guid: 033acc19694c0b542bc4e5e315486e48, type: 3}
  m_Name: 
  m_EditorClassIdentifier: 
  _ticksToShoot:
    useConstant: 1
    constant: 4
    variable: {fileID: 0}
  _columns:
  - {fileID: 3575368330517072928}
  - {fileID: 2940525547620769129}
  - {fileID: 2940525547614486952}
  - {fileID: 2940525546603842660}
  - {fileID: 2940525546332929024}
  - {fileID: 2940525546281178078}
  - {fileID: 2940525546910673354}
  - {fileID: 2940525546024487583}
  - {fileID: 2940525546153267782}
  - {fileID: 2940525546348727065}
  - {fileID: 2940525546497364605}
--- !u!114 &4593960628582428288
MonoBehaviour:
  m_ObjectHideFlags: 0
  m_CorrespondingSourceObject: {fileID: 0}
  m_PrefabInstance: {fileID: 0}
  m_PrefabAsset: {fileID: 0}
  m_GameObject: {fileID: 4593960628582428290}
  m_Enabled: 1
  m_EditorHideFlags: 0
  m_Script: {fileID: 11500000, guid: ab23a57ffa26bcf43b326bbc6e6a9f20, type: 3}
  m_Name: 
  m_EditorClassIdentifier: 
  _gameEvent: {fileID: 11400000, guid: 819dfdad935de0446b7f72101ca7bd67, type: 2}
  _onEventRaised:
    m_PersistentCalls:
      m_Calls:
      - m_Target: {fileID: 4593960628582428289}
        m_MethodName: OnTimerTick
        m_Mode: 1
        m_Arguments:
          m_ObjectArgument: {fileID: 0}
          m_ObjectArgumentAssemblyTypeName: UnityEngine.Object, UnityEngine
          m_IntArgument: 0
          m_FloatArgument: 0
          m_StringArgument: 
          m_BoolArgument: 0
        m_CallState: 2
--- !u!1 &4593960628942051412
GameObject:
  m_ObjectHideFlags: 0
  m_CorrespondingSourceObject: {fileID: 0}
  m_PrefabInstance: {fileID: 0}
  m_PrefabAsset: {fileID: 0}
  serializedVersion: 6
  m_Component:
  - component: {fileID: 4593960628942051413}
  - component: {fileID: 4593960628942051402}
  m_Layer: 0
  m_Name: RightLimit
  m_TagString: Untagged
  m_Icon: {fileID: 0}
  m_NavMeshLayer: 0
  m_StaticEditorFlags: 0
  m_IsActive: 1
--- !u!4 &4593960628942051413
Transform:
  m_ObjectHideFlags: 0
  m_CorrespondingSourceObject: {fileID: 0}
  m_PrefabInstance: {fileID: 0}
  m_PrefabAsset: {fileID: 0}
  m_GameObject: {fileID: 4593960628942051412}
  m_LocalRotation: {x: 0, y: 0, z: 0, w: 1}
  m_LocalPosition: {x: 240, y: 0, z: 0}
  m_LocalScale: {x: 1, y: 1, z: 1}
  m_Children: []
  m_Father: {fileID: 4593960628963739036}
  m_RootOrder: 1
  m_LocalEulerAnglesHint: {x: 0, y: 0, z: 0}
--- !u!114 &4593960628942051402
MonoBehaviour:
  m_ObjectHideFlags: 0
  m_CorrespondingSourceObject: {fileID: 0}
  m_PrefabInstance: {fileID: 0}
  m_PrefabAsset: {fileID: 0}
  m_GameObject: {fileID: 4593960628942051412}
  m_Enabled: 1
  m_EditorHideFlags: 0
  m_Script: {fileID: 11500000, guid: 6cc77515eb91bf24bbdff1ceb4367037, type: 3}
  m_Name: 
  m_EditorClassIdentifier: 
  _side: 1
  _enemiesList: {fileID: 11400000, guid: e6d452b56f1c08144bd84c27ba6bf9f2, type: 2}
  _onLimitReached:
    m_PersistentCalls:
      m_Calls:
      - m_Target: {fileID: 11400000, guid: 9dc007b3bb6ebfd4e8c5ef5f38b659f7, type: 2}
        m_MethodName: Raise
        m_Mode: 1
        m_Arguments:
          m_ObjectArgument: {fileID: 0}
          m_ObjectArgumentAssemblyTypeName: UnityEngine.Object, UnityEngine
          m_IntArgument: 0
          m_FloatArgument: 0
          m_StringArgument: 
          m_BoolArgument: 0
        m_CallState: 2
--- !u!1 &4593960628963739039
GameObject:
  m_ObjectHideFlags: 0
  m_CorrespondingSourceObject: {fileID: 0}
  m_PrefabInstance: {fileID: 0}
  m_PrefabAsset: {fileID: 0}
  serializedVersion: 6
  m_Component:
  - component: {fileID: 4593960628963739036}
  - component: {fileID: 4593960628963739027}
  - component: {fileID: 4593960628963739026}
  - component: {fileID: 4593960628963739037}
  m_Layer: 0
  m_Name: MovementCoordination
  m_TagString: Untagged
  m_Icon: {fileID: 0}
  m_NavMeshLayer: 0
  m_StaticEditorFlags: 0
  m_IsActive: 1
--- !u!4 &4593960628963739036
Transform:
  m_ObjectHideFlags: 0
  m_CorrespondingSourceObject: {fileID: 0}
  m_PrefabInstance: {fileID: 0}
  m_PrefabAsset: {fileID: 0}
  m_GameObject: {fileID: 4593960628963739039}
  m_LocalRotation: {x: -0, y: -0, z: -0, w: 1}
  m_LocalPosition: {x: 0, y: 0, z: 0}
  m_LocalScale: {x: 1, y: 1, z: 1}
  m_Children:
  - {fileID: 4593960630319620303}
  - {fileID: 4593960628942051413}
  - {fileID: 4593960628576844593}
  m_Father: {fileID: 4593960628971555896}
  m_RootOrder: 0
  m_LocalEulerAnglesHint: {x: 0, y: 0, z: 0}
--- !u!114 &4593960628963739027
MonoBehaviour:
  m_ObjectHideFlags: 0
  m_CorrespondingSourceObject: {fileID: 0}
  m_PrefabInstance: {fileID: 0}
  m_PrefabAsset: {fileID: 0}
  m_GameObject: {fileID: 4593960628963739039}
  m_Enabled: 1
  m_EditorHideFlags: 0
  m_Script: {fileID: 11500000, guid: eb6970a95032af7448e1522dd751570d, type: 3}
  m_Name: 
  m_EditorClassIdentifier: 
  _activeEnemies: {fileID: 11400000, guid: e6d452b56f1c08144bd84c27ba6bf9f2, type: 2}
  _leftLimit: {fileID: 4593960630319620300}
  _rightLimit: {fileID: 4593960628942051402}
--- !u!114 &4593960628963739026
MonoBehaviour:
  m_ObjectHideFlags: 0
  m_CorrespondingSourceObject: {fileID: 0}
  m_PrefabInstance: {fileID: 0}
  m_PrefabAsset: {fileID: 0}
  m_GameObject: {fileID: 4593960628963739039}
  m_Enabled: 1
  m_EditorHideFlags: 0
  m_Script: {fileID: 11500000, guid: ab23a57ffa26bcf43b326bbc6e6a9f20, type: 3}
  m_Name: 
  m_EditorClassIdentifier: 
  _gameEvent: {fileID: 11400000, guid: 819dfdad935de0446b7f72101ca7bd67, type: 2}
  _onEventRaised:
    m_PersistentCalls:
      m_Calls:
      - m_Target: {fileID: 4593960628963739027}
        m_MethodName: MoveEnemies
        m_Mode: 1
        m_Arguments:
          m_ObjectArgument: {fileID: 0}
          m_ObjectArgumentAssemblyTypeName: UnityEngine.Object, UnityEngine
          m_IntArgument: 0
          m_FloatArgument: 0
          m_StringArgument: 
          m_BoolArgument: 0
        m_CallState: 2
--- !u!114 &4593960628963739037
MonoBehaviour:
  m_ObjectHideFlags: 0
  m_CorrespondingSourceObject: {fileID: 0}
  m_PrefabInstance: {fileID: 0}
  m_PrefabAsset: {fileID: 0}
  m_GameObject: {fileID: 4593960628963739039}
  m_Enabled: 1
  m_EditorHideFlags: 0
  m_Script: {fileID: 11500000, guid: ab23a57ffa26bcf43b326bbc6e6a9f20, type: 3}
  m_Name: 
  m_EditorClassIdentifier: 
  _gameEvent: {fileID: 11400000, guid: 9dc007b3bb6ebfd4e8c5ef5f38b659f7, type: 2}
  _onEventRaised:
    m_PersistentCalls:
      m_Calls:
      - m_Target: {fileID: 4593960628963739027}
        m_MethodName: InvertMovement
        m_Mode: 1
        m_Arguments:
          m_ObjectArgument: {fileID: 0}
          m_ObjectArgumentAssemblyTypeName: UnityEngine.Object, UnityEngine
          m_IntArgument: 0
          m_FloatArgument: 0
          m_StringArgument: 
          m_BoolArgument: 0
        m_CallState: 2
--- !u!1 &4593960628971555899
GameObject:
  m_ObjectHideFlags: 0
  m_CorrespondingSourceObject: {fileID: 0}
  m_PrefabInstance: {fileID: 0}
  m_PrefabAsset: {fileID: 0}
  serializedVersion: 6
  m_Component:
  - component: {fileID: 4593960628971555896}
  m_Layer: 0
  m_Name: EnemiesFormation1
  m_TagString: Untagged
  m_Icon: {fileID: 0}
  m_NavMeshLayer: 0
  m_StaticEditorFlags: 0
  m_IsActive: 1
--- !u!4 &4593960628971555896
Transform:
  m_ObjectHideFlags: 0
  m_CorrespondingSourceObject: {fileID: 0}
  m_PrefabInstance: {fileID: 0}
  m_PrefabAsset: {fileID: 0}
  m_GameObject: {fileID: 4593960628971555899}
  m_LocalRotation: {x: 0, y: 0, z: 0, w: 1}
  m_LocalPosition: {x: 0, y: 0, z: 0}
  m_LocalScale: {x: 1, y: 1, z: 1}
  m_Children:
  - {fileID: 4593960628963739036}
  - {fileID: 4593960628582428291}
  - {fileID: 4593960629329999001}
  - {fileID: 2779174176649078224}
  - {fileID: 2779174176655358225}
  - {fileID: 2779174176055260381}
  - {fileID: 2779174175789302969}
  - {fileID: 2779174175337868135}
  - {fileID: 2779174176285299059}
  - {fileID: 2779174175057556006}
  - {fileID: 2779174175465777919}
  - {fileID: 2779174175807189920}
  - {fileID: 2779174175658552004}
  - {fileID: 81092646}
  m_Father: {fileID: 0}
  m_RootOrder: 0
  m_LocalEulerAnglesHint: {x: 0, y: 0, z: 0}
--- !u!1 &4593960630319620302
GameObject:
  m_ObjectHideFlags: 0
  m_CorrespondingSourceObject: {fileID: 0}
  m_PrefabInstance: {fileID: 0}
  m_PrefabAsset: {fileID: 0}
  serializedVersion: 6
  m_Component:
  - component: {fileID: 4593960630319620303}
  - component: {fileID: 4593960630319620300}
  m_Layer: 0
  m_Name: LeftLimit
  m_TagString: Untagged
  m_Icon: {fileID: 0}
  m_NavMeshLayer: 0
  m_StaticEditorFlags: 0
  m_IsActive: 1
--- !u!4 &4593960630319620303
Transform:
  m_ObjectHideFlags: 0
  m_CorrespondingSourceObject: {fileID: 0}
  m_PrefabInstance: {fileID: 0}
  m_PrefabAsset: {fileID: 0}
  m_GameObject: {fileID: 4593960630319620302}
  m_LocalRotation: {x: 0, y: 0, z: 0, w: 1}
  m_LocalPosition: {x: -240, y: 0, z: 0}
  m_LocalScale: {x: 1, y: 1, z: 1}
  m_Children: []
  m_Father: {fileID: 4593960628963739036}
  m_RootOrder: 0
  m_LocalEulerAnglesHint: {x: 0, y: 0, z: 0}
--- !u!114 &4593960630319620300
MonoBehaviour:
  m_ObjectHideFlags: 0
  m_CorrespondingSourceObject: {fileID: 0}
  m_PrefabInstance: {fileID: 0}
  m_PrefabAsset: {fileID: 0}
  m_GameObject: {fileID: 4593960630319620302}
  m_Enabled: 1
  m_EditorHideFlags: 0
  m_Script: {fileID: 11500000, guid: 6cc77515eb91bf24bbdff1ceb4367037, type: 3}
  m_Name: 
  m_EditorClassIdentifier: 
  _side: 0
  _enemiesList: {fileID: 11400000, guid: e6d452b56f1c08144bd84c27ba6bf9f2, type: 2}
  _onLimitReached:
    m_PersistentCalls:
      m_Calls:
      - m_Target: {fileID: 11400000, guid: 9dc007b3bb6ebfd4e8c5ef5f38b659f7, type: 2}
        m_MethodName: Raise
        m_Mode: 1
        m_Arguments:
          m_ObjectArgument: {fileID: 0}
          m_ObjectArgumentAssemblyTypeName: UnityEngine.Object, UnityEngine
          m_IntArgument: 0
          m_FloatArgument: 0
          m_StringArgument: 
          m_BoolArgument: 0
        m_CallState: 2
--- !u!1001 &2779174176687752204
PrefabInstance:
  m_ObjectHideFlags: 0
  serializedVersion: 2
  m_Modification:
    m_TransformParent: {fileID: 4593960628971555896}
    m_Modifications:
    - target: {fileID: 1824128180461613204, guid: db79a05d86c8ecd449a1e26ad897a6a2,
        type: 3}
      propertyPath: m_Name
      value: EnemyColumn
      objectReference: {fileID: 0}
    - target: {fileID: 1824128180461613205, guid: db79a05d86c8ecd449a1e26ad897a6a2,
        type: 3}
      propertyPath: m_LocalPosition.x
      value: -200
      objectReference: {fileID: 0}
    - target: {fileID: 1824128180461613205, guid: db79a05d86c8ecd449a1e26ad897a6a2,
        type: 3}
      propertyPath: m_LocalPosition.y
      value: 280
      objectReference: {fileID: 0}
    - target: {fileID: 1824128180461613205, guid: db79a05d86c8ecd449a1e26ad897a6a2,
        type: 3}
      propertyPath: m_LocalPosition.z
      value: 0
      objectReference: {fileID: 0}
    - target: {fileID: 1824128180461613205, guid: db79a05d86c8ecd449a1e26ad897a6a2,
        type: 3}
      propertyPath: m_LocalRotation.x
      value: -0
      objectReference: {fileID: 0}
    - target: {fileID: 1824128180461613205, guid: db79a05d86c8ecd449a1e26ad897a6a2,
        type: 3}
      propertyPath: m_LocalRotation.y
      value: -0
      objectReference: {fileID: 0}
    - target: {fileID: 1824128180461613205, guid: db79a05d86c8ecd449a1e26ad897a6a2,
        type: 3}
      propertyPath: m_LocalRotation.z
      value: -0
      objectReference: {fileID: 0}
    - target: {fileID: 1824128180461613205, guid: db79a05d86c8ecd449a1e26ad897a6a2,
        type: 3}
      propertyPath: m_LocalRotation.w
      value: 1
      objectReference: {fileID: 0}
    - target: {fileID: 1824128180461613205, guid: db79a05d86c8ecd449a1e26ad897a6a2,
        type: 3}
      propertyPath: m_RootOrder
      value: 2
      objectReference: {fileID: 0}
    - target: {fileID: 1824128180461613205, guid: db79a05d86c8ecd449a1e26ad897a6a2,
        type: 3}
      propertyPath: m_LocalEulerAnglesHint.x
      value: 0
      objectReference: {fileID: 0}
    - target: {fileID: 1824128180461613205, guid: db79a05d86c8ecd449a1e26ad897a6a2,
        type: 3}
      propertyPath: m_LocalEulerAnglesHint.y
      value: 0
      objectReference: {fileID: 0}
    - target: {fileID: 1824128180461613205, guid: db79a05d86c8ecd449a1e26ad897a6a2,
        type: 3}
      propertyPath: m_LocalEulerAnglesHint.z
      value: 0
      objectReference: {fileID: 0}
    m_RemovedComponents: []
  m_SourcePrefab: {fileID: 100100000, guid: db79a05d86c8ecd449a1e26ad897a6a2, type: 3}
--- !u!4 &4593960629329999001 stripped
Transform:
  m_CorrespondingSourceObject: {fileID: 1824128180461613205, guid: db79a05d86c8ecd449a1e26ad897a6a2,
    type: 3}
  m_PrefabInstance: {fileID: 2779174176687752204}
  m_PrefabAsset: {fileID: 0}
--- !u!114 &3575368330517072928 stripped
MonoBehaviour:
  m_CorrespondingSourceObject: {fileID: 1661791694406764588, guid: db79a05d86c8ecd449a1e26ad897a6a2,
    type: 3}
  m_PrefabInstance: {fileID: 2779174176687752204}
  m_PrefabAsset: {fileID: 0}
  m_GameObject: {fileID: 0}
  m_Enabled: 1
  m_EditorHideFlags: 0
  m_Script: {fileID: 11500000, guid: 76040cace030d3147b4e1fa46e68cfb7, type: 3}
  m_Name: 
  m_EditorClassIdentifier: 
--- !u!1001 &3844729505116690767
PrefabInstance:
  m_ObjectHideFlags: 0
  serializedVersion: 2
  m_Modification:
    m_TransformParent: {fileID: 81092646}
    m_Modifications:
    - target: {fileID: 3684399742121242062, guid: f4da6ef23c36d7440a4f8374d3d2abdf,
        type: 3}
      propertyPath: m_Name
      value: Obstacle (1)
      objectReference: {fileID: 0}
    - target: {fileID: 3684399742121242063, guid: f4da6ef23c36d7440a4f8374d3d2abdf,
        type: 3}
      propertyPath: m_LocalPosition.x
      value: -57.5
      objectReference: {fileID: 0}
    - target: {fileID: 3684399742121242063, guid: f4da6ef23c36d7440a4f8374d3d2abdf,
        type: 3}
      propertyPath: m_LocalPosition.y
      value: 0
      objectReference: {fileID: 0}
    - target: {fileID: 3684399742121242063, guid: f4da6ef23c36d7440a4f8374d3d2abdf,
        type: 3}
      propertyPath: m_LocalPosition.z
      value: 0
      objectReference: {fileID: 0}
    - target: {fileID: 3684399742121242063, guid: f4da6ef23c36d7440a4f8374d3d2abdf,
        type: 3}
      propertyPath: m_LocalRotation.x
      value: -0
      objectReference: {fileID: 0}
    - target: {fileID: 3684399742121242063, guid: f4da6ef23c36d7440a4f8374d3d2abdf,
        type: 3}
      propertyPath: m_LocalRotation.y
      value: -0
      objectReference: {fileID: 0}
    - target: {fileID: 3684399742121242063, guid: f4da6ef23c36d7440a4f8374d3d2abdf,
        type: 3}
      propertyPath: m_LocalRotation.z
      value: -0
      objectReference: {fileID: 0}
    - target: {fileID: 3684399742121242063, guid: f4da6ef23c36d7440a4f8374d3d2abdf,
        type: 3}
      propertyPath: m_LocalRotation.w
      value: 1
      objectReference: {fileID: 0}
    - target: {fileID: 3684399742121242063, guid: f4da6ef23c36d7440a4f8374d3d2abdf,
        type: 3}
      propertyPath: m_RootOrder
      value: 1
      objectReference: {fileID: 0}
    - target: {fileID: 3684399742121242063, guid: f4da6ef23c36d7440a4f8374d3d2abdf,
        type: 3}
      propertyPath: m_LocalEulerAnglesHint.x
      value: 0
      objectReference: {fileID: 0}
    - target: {fileID: 3684399742121242063, guid: f4da6ef23c36d7440a4f8374d3d2abdf,
        type: 3}
      propertyPath: m_LocalEulerAnglesHint.y
      value: 0
      objectReference: {fileID: 0}
    - target: {fileID: 3684399742121242063, guid: f4da6ef23c36d7440a4f8374d3d2abdf,
        type: 3}
      propertyPath: m_LocalEulerAnglesHint.z
      value: 0
      objectReference: {fileID: 0}
    m_RemovedComponents: []
  m_SourcePrefab: {fileID: 100100000, guid: f4da6ef23c36d7440a4f8374d3d2abdf, type: 3}
--- !u!4 &466869225229448320 stripped
Transform:
  m_CorrespondingSourceObject: {fileID: 3684399742121242063, guid: f4da6ef23c36d7440a4f8374d3d2abdf,
    type: 3}
  m_PrefabInstance: {fileID: 3844729505116690767}
  m_PrefabAsset: {fileID: 0}
--- !u!1001 &3879423903146751848
PrefabInstance:
  m_ObjectHideFlags: 0
  serializedVersion: 2
  m_Modification:
    m_TransformParent: {fileID: 81092646}
    m_Modifications:
    - target: {fileID: 3684399742121242062, guid: f4da6ef23c36d7440a4f8374d3d2abdf,
        type: 3}
      propertyPath: m_Name
      value: Obstacle (3)
      objectReference: {fileID: 0}
    - target: {fileID: 3684399742121242063, guid: f4da6ef23c36d7440a4f8374d3d2abdf,
        type: 3}
      propertyPath: m_LocalPosition.x
      value: 166
      objectReference: {fileID: 0}
    - target: {fileID: 3684399742121242063, guid: f4da6ef23c36d7440a4f8374d3d2abdf,
        type: 3}
      propertyPath: m_LocalPosition.y
      value: 0
      objectReference: {fileID: 0}
    - target: {fileID: 3684399742121242063, guid: f4da6ef23c36d7440a4f8374d3d2abdf,
        type: 3}
      propertyPath: m_LocalPosition.z
      value: 0
      objectReference: {fileID: 0}
    - target: {fileID: 3684399742121242063, guid: f4da6ef23c36d7440a4f8374d3d2abdf,
        type: 3}
      propertyPath: m_LocalRotation.x
      value: -0
      objectReference: {fileID: 0}
    - target: {fileID: 3684399742121242063, guid: f4da6ef23c36d7440a4f8374d3d2abdf,
        type: 3}
      propertyPath: m_LocalRotation.y
      value: -0
      objectReference: {fileID: 0}
    - target: {fileID: 3684399742121242063, guid: f4da6ef23c36d7440a4f8374d3d2abdf,
        type: 3}
      propertyPath: m_LocalRotation.z
      value: -0
      objectReference: {fileID: 0}
    - target: {fileID: 3684399742121242063, guid: f4da6ef23c36d7440a4f8374d3d2abdf,
        type: 3}
      propertyPath: m_LocalRotation.w
      value: 1
      objectReference: {fileID: 0}
    - target: {fileID: 3684399742121242063, guid: f4da6ef23c36d7440a4f8374d3d2abdf,
        type: 3}
      propertyPath: m_RootOrder
      value: 3
      objectReference: {fileID: 0}
    - target: {fileID: 3684399742121242063, guid: f4da6ef23c36d7440a4f8374d3d2abdf,
        type: 3}
      propertyPath: m_LocalEulerAnglesHint.x
      value: 0
      objectReference: {fileID: 0}
    - target: {fileID: 3684399742121242063, guid: f4da6ef23c36d7440a4f8374d3d2abdf,
        type: 3}
      propertyPath: m_LocalEulerAnglesHint.y
      value: 0
      objectReference: {fileID: 0}
    - target: {fileID: 3684399742121242063, guid: f4da6ef23c36d7440a4f8374d3d2abdf,
        type: 3}
      propertyPath: m_LocalEulerAnglesHint.z
      value: 0
      objectReference: {fileID: 0}
    m_RemovedComponents: []
  m_SourcePrefab: {fileID: 100100000, guid: f4da6ef23c36d7440a4f8374d3d2abdf, type: 3}
--- !u!4 &502122183000447655 stripped
Transform:
  m_CorrespondingSourceObject: {fileID: 3684399742121242063, guid: f4da6ef23c36d7440a4f8374d3d2abdf,
    type: 3}
  m_PrefabInstance: {fileID: 3879423903146751848}
  m_PrefabAsset: {fileID: 0}
--- !u!1001 &4593960628659233254
PrefabInstance:
  m_ObjectHideFlags: 0
  serializedVersion: 2
  m_Modification:
    m_TransformParent: {fileID: 4593960628971555896}
    m_Modifications:
    - target: {fileID: 1824128180461613204, guid: db79a05d86c8ecd449a1e26ad897a6a2,
        type: 3}
      propertyPath: m_Name
      value: EnemyColumn (6)
      objectReference: {fileID: 0}
    - target: {fileID: 1824128180461613204, guid: db79a05d86c8ecd449a1e26ad897a6a2,
        type: 3}
      propertyPath: m_IsActive
      value: 1
      objectReference: {fileID: 0}
    - target: {fileID: 1824128180461613205, guid: db79a05d86c8ecd449a1e26ad897a6a2,
        type: 3}
      propertyPath: m_LocalPosition.x
      value: 40
      objectReference: {fileID: 0}
    - target: {fileID: 1824128180461613205, guid: db79a05d86c8ecd449a1e26ad897a6a2,
        type: 3}
      propertyPath: m_LocalPosition.y
      value: 280
      objectReference: {fileID: 0}
    - target: {fileID: 1824128180461613205, guid: db79a05d86c8ecd449a1e26ad897a6a2,
        type: 3}
      propertyPath: m_LocalPosition.z
      value: 0
      objectReference: {fileID: 0}
    - target: {fileID: 1824128180461613205, guid: db79a05d86c8ecd449a1e26ad897a6a2,
        type: 3}
      propertyPath: m_LocalRotation.x
      value: -0
      objectReference: {fileID: 0}
    - target: {fileID: 1824128180461613205, guid: db79a05d86c8ecd449a1e26ad897a6a2,
        type: 3}
      propertyPath: m_LocalRotation.y
      value: -0
      objectReference: {fileID: 0}
    - target: {fileID: 1824128180461613205, guid: db79a05d86c8ecd449a1e26ad897a6a2,
        type: 3}
      propertyPath: m_LocalRotation.z
      value: -0
      objectReference: {fileID: 0}
    - target: {fileID: 1824128180461613205, guid: db79a05d86c8ecd449a1e26ad897a6a2,
        type: 3}
      propertyPath: m_LocalRotation.w
      value: 1
      objectReference: {fileID: 0}
    - target: {fileID: 1824128180461613205, guid: db79a05d86c8ecd449a1e26ad897a6a2,
        type: 3}
      propertyPath: m_RootOrder
      value: 8
      objectReference: {fileID: 0}
    - target: {fileID: 1824128180461613205, guid: db79a05d86c8ecd449a1e26ad897a6a2,
        type: 3}
      propertyPath: m_LocalEulerAnglesHint.x
      value: 0
      objectReference: {fileID: 0}
    - target: {fileID: 1824128180461613205, guid: db79a05d86c8ecd449a1e26ad897a6a2,
        type: 3}
      propertyPath: m_LocalEulerAnglesHint.y
      value: 0
      objectReference: {fileID: 0}
    - target: {fileID: 1824128180461613205, guid: db79a05d86c8ecd449a1e26ad897a6a2,
        type: 3}
      propertyPath: m_LocalEulerAnglesHint.z
      value: 0
      objectReference: {fileID: 0}
    m_RemovedComponents: []
  m_SourcePrefab: {fileID: 100100000, guid: db79a05d86c8ecd449a1e26ad897a6a2, type: 3}
--- !u!4 &2779174176285299059 stripped
Transform:
  m_CorrespondingSourceObject: {fileID: 1824128180461613205, guid: db79a05d86c8ecd449a1e26ad897a6a2,
    type: 3}
  m_PrefabInstance: {fileID: 4593960628659233254}
  m_PrefabAsset: {fileID: 0}
--- !u!114 &2940525546910673354 stripped
MonoBehaviour:
  m_CorrespondingSourceObject: {fileID: 1661791694406764588, guid: db79a05d86c8ecd449a1e26ad897a6a2,
    type: 3}
  m_PrefabInstance: {fileID: 4593960628659233254}
  m_PrefabAsset: {fileID: 0}
  m_GameObject: {fileID: 0}
  m_Enabled: 1
  m_EditorHideFlags: 0
  m_Script: {fileID: 11500000, guid: 76040cace030d3147b4e1fa46e68cfb7, type: 3}
  m_Name: 
  m_EditorClassIdentifier: 
--- !u!1001 &4593960629293471045
PrefabInstance:
  m_ObjectHideFlags: 0
  serializedVersion: 2
  m_Modification:
    m_TransformParent: {fileID: 4593960628971555896}
    m_Modifications:
    - target: {fileID: 1824128180461613204, guid: db79a05d86c8ecd449a1e26ad897a6a2,
        type: 3}
      propertyPath: m_Name
      value: EnemyColumn (1)
      objectReference: {fileID: 0}
    - target: {fileID: 1824128180461613204, guid: db79a05d86c8ecd449a1e26ad897a6a2,
        type: 3}
      propertyPath: m_IsActive
      value: 1
      objectReference: {fileID: 0}
    - target: {fileID: 1824128180461613205, guid: db79a05d86c8ecd449a1e26ad897a6a2,
        type: 3}
      propertyPath: m_LocalPosition.x
      value: -160
      objectReference: {fileID: 0}
    - target: {fileID: 1824128180461613205, guid: db79a05d86c8ecd449a1e26ad897a6a2,
        type: 3}
      propertyPath: m_LocalPosition.y
      value: 280
      objectReference: {fileID: 0}
    - target: {fileID: 1824128180461613205, guid: db79a05d86c8ecd449a1e26ad897a6a2,
        type: 3}
      propertyPath: m_LocalPosition.z
      value: 0
      objectReference: {fileID: 0}
    - target: {fileID: 1824128180461613205, guid: db79a05d86c8ecd449a1e26ad897a6a2,
        type: 3}
      propertyPath: m_LocalRotation.x
      value: -0
      objectReference: {fileID: 0}
    - target: {fileID: 1824128180461613205, guid: db79a05d86c8ecd449a1e26ad897a6a2,
        type: 3}
      propertyPath: m_LocalRotation.y
      value: -0
      objectReference: {fileID: 0}
    - target: {fileID: 1824128180461613205, guid: db79a05d86c8ecd449a1e26ad897a6a2,
        type: 3}
      propertyPath: m_LocalRotation.z
      value: -0
      objectReference: {fileID: 0}
    - target: {fileID: 1824128180461613205, guid: db79a05d86c8ecd449a1e26ad897a6a2,
        type: 3}
      propertyPath: m_LocalRotation.w
      value: 1
      objectReference: {fileID: 0}
    - target: {fileID: 1824128180461613205, guid: db79a05d86c8ecd449a1e26ad897a6a2,
        type: 3}
      propertyPath: m_RootOrder
      value: 3
      objectReference: {fileID: 0}
    - target: {fileID: 1824128180461613205, guid: db79a05d86c8ecd449a1e26ad897a6a2,
        type: 3}
      propertyPath: m_LocalEulerAnglesHint.x
      value: 0
      objectReference: {fileID: 0}
    - target: {fileID: 1824128180461613205, guid: db79a05d86c8ecd449a1e26ad897a6a2,
        type: 3}
      propertyPath: m_LocalEulerAnglesHint.y
      value: 0
      objectReference: {fileID: 0}
    - target: {fileID: 1824128180461613205, guid: db79a05d86c8ecd449a1e26ad897a6a2,
        type: 3}
      propertyPath: m_LocalEulerAnglesHint.z
      value: 0
      objectReference: {fileID: 0}
    m_RemovedComponents: []
  m_SourcePrefab: {fileID: 100100000, guid: db79a05d86c8ecd449a1e26ad897a6a2, type: 3}
--- !u!4 &2779174176649078224 stripped
Transform:
  m_CorrespondingSourceObject: {fileID: 1824128180461613205, guid: db79a05d86c8ecd449a1e26ad897a6a2,
    type: 3}
  m_PrefabInstance: {fileID: 4593960629293471045}
  m_PrefabAsset: {fileID: 0}
--- !u!114 &2940525547620769129 stripped
MonoBehaviour:
  m_CorrespondingSourceObject: {fileID: 1661791694406764588, guid: db79a05d86c8ecd449a1e26ad897a6a2,
    type: 3}
  m_PrefabInstance: {fileID: 4593960629293471045}
  m_PrefabAsset: {fileID: 0}
  m_GameObject: {fileID: 0}
  m_Enabled: 1
  m_EditorHideFlags: 0
  m_Script: {fileID: 11500000, guid: 76040cace030d3147b4e1fa46e68cfb7, type: 3}
  m_Name: 
  m_EditorClassIdentifier: 
--- !u!1001 &4593960629295548804
PrefabInstance:
  m_ObjectHideFlags: 0
  serializedVersion: 2
  m_Modification:
    m_TransformParent: {fileID: 4593960628971555896}
    m_Modifications:
    - target: {fileID: 1824128180461613204, guid: db79a05d86c8ecd449a1e26ad897a6a2,
        type: 3}
      propertyPath: m_Name
      value: EnemyColumn (2)
      objectReference: {fileID: 0}
    - target: {fileID: 1824128180461613204, guid: db79a05d86c8ecd449a1e26ad897a6a2,
        type: 3}
      propertyPath: m_IsActive
      value: 1
      objectReference: {fileID: 0}
    - target: {fileID: 1824128180461613205, guid: db79a05d86c8ecd449a1e26ad897a6a2,
        type: 3}
      propertyPath: m_LocalPosition.x
      value: -120
      objectReference: {fileID: 0}
    - target: {fileID: 1824128180461613205, guid: db79a05d86c8ecd449a1e26ad897a6a2,
        type: 3}
      propertyPath: m_LocalPosition.y
      value: 280
      objectReference: {fileID: 0}
    - target: {fileID: 1824128180461613205, guid: db79a05d86c8ecd449a1e26ad897a6a2,
        type: 3}
      propertyPath: m_LocalPosition.z
      value: 0
      objectReference: {fileID: 0}
    - target: {fileID: 1824128180461613205, guid: db79a05d86c8ecd449a1e26ad897a6a2,
        type: 3}
      propertyPath: m_LocalRotation.x
      value: -0
      objectReference: {fileID: 0}
    - target: {fileID: 1824128180461613205, guid: db79a05d86c8ecd449a1e26ad897a6a2,
        type: 3}
      propertyPath: m_LocalRotation.y
      value: -0
      objectReference: {fileID: 0}
    - target: {fileID: 1824128180461613205, guid: db79a05d86c8ecd449a1e26ad897a6a2,
        type: 3}
      propertyPath: m_LocalRotation.z
      value: -0
      objectReference: {fileID: 0}
    - target: {fileID: 1824128180461613205, guid: db79a05d86c8ecd449a1e26ad897a6a2,
        type: 3}
      propertyPath: m_LocalRotation.w
      value: 1
      objectReference: {fileID: 0}
    - target: {fileID: 1824128180461613205, guid: db79a05d86c8ecd449a1e26ad897a6a2,
        type: 3}
      propertyPath: m_RootOrder
      value: 4
      objectReference: {fileID: 0}
    - target: {fileID: 1824128180461613205, guid: db79a05d86c8ecd449a1e26ad897a6a2,
        type: 3}
      propertyPath: m_LocalEulerAnglesHint.x
      value: 0
      objectReference: {fileID: 0}
    - target: {fileID: 1824128180461613205, guid: db79a05d86c8ecd449a1e26ad897a6a2,
        type: 3}
      propertyPath: m_LocalEulerAnglesHint.y
      value: 0
      objectReference: {fileID: 0}
    - target: {fileID: 1824128180461613205, guid: db79a05d86c8ecd449a1e26ad897a6a2,
        type: 3}
      propertyPath: m_LocalEulerAnglesHint.z
      value: 0
      objectReference: {fileID: 0}
    m_RemovedComponents: []
  m_SourcePrefab: {fileID: 100100000, guid: db79a05d86c8ecd449a1e26ad897a6a2, type: 3}
--- !u!4 &2779174176655358225 stripped
Transform:
  m_CorrespondingSourceObject: {fileID: 1824128180461613205, guid: db79a05d86c8ecd449a1e26ad897a6a2,
    type: 3}
  m_PrefabInstance: {fileID: 4593960629295548804}
  m_PrefabAsset: {fileID: 0}
--- !u!114 &2940525547614486952 stripped
MonoBehaviour:
  m_CorrespondingSourceObject: {fileID: 1661791694406764588, guid: db79a05d86c8ecd449a1e26ad897a6a2,
    type: 3}
  m_PrefabInstance: {fileID: 4593960629295548804}
  m_PrefabAsset: {fileID: 0}
  m_GameObject: {fileID: 0}
  m_Enabled: 1
  m_EditorHideFlags: 0
  m_Script: {fileID: 11500000, guid: 76040cace030d3147b4e1fa46e68cfb7, type: 3}
  m_Name: 
  m_EditorClassIdentifier: 
--- !u!1001 &4593960629418728042
PrefabInstance:
  m_ObjectHideFlags: 0
  serializedVersion: 2
  m_Modification:
    m_TransformParent: {fileID: 4593960628971555896}
    m_Modifications:
    - target: {fileID: 1824128180461613204, guid: db79a05d86c8ecd449a1e26ad897a6a2,
        type: 3}
      propertyPath: m_Name
      value: EnemyColumn (8)
      objectReference: {fileID: 0}
    - target: {fileID: 1824128180461613204, guid: db79a05d86c8ecd449a1e26ad897a6a2,
        type: 3}
      propertyPath: m_IsActive
      value: 1
      objectReference: {fileID: 0}
    - target: {fileID: 1824128180461613205, guid: db79a05d86c8ecd449a1e26ad897a6a2,
        type: 3}
      propertyPath: m_LocalPosition.x
      value: 120
      objectReference: {fileID: 0}
    - target: {fileID: 1824128180461613205, guid: db79a05d86c8ecd449a1e26ad897a6a2,
        type: 3}
      propertyPath: m_LocalPosition.y
      value: 280
      objectReference: {fileID: 0}
    - target: {fileID: 1824128180461613205, guid: db79a05d86c8ecd449a1e26ad897a6a2,
        type: 3}
      propertyPath: m_LocalPosition.z
      value: 0
      objectReference: {fileID: 0}
    - target: {fileID: 1824128180461613205, guid: db79a05d86c8ecd449a1e26ad897a6a2,
        type: 3}
      propertyPath: m_LocalRotation.x
      value: -0
      objectReference: {fileID: 0}
    - target: {fileID: 1824128180461613205, guid: db79a05d86c8ecd449a1e26ad897a6a2,
        type: 3}
      propertyPath: m_LocalRotation.y
      value: -0
      objectReference: {fileID: 0}
    - target: {fileID: 1824128180461613205, guid: db79a05d86c8ecd449a1e26ad897a6a2,
        type: 3}
      propertyPath: m_LocalRotation.z
      value: -0
      objectReference: {fileID: 0}
    - target: {fileID: 1824128180461613205, guid: db79a05d86c8ecd449a1e26ad897a6a2,
        type: 3}
      propertyPath: m_LocalRotation.w
      value: 1
      objectReference: {fileID: 0}
    - target: {fileID: 1824128180461613205, guid: db79a05d86c8ecd449a1e26ad897a6a2,
        type: 3}
      propertyPath: m_RootOrder
      value: 10
      objectReference: {fileID: 0}
    - target: {fileID: 1824128180461613205, guid: db79a05d86c8ecd449a1e26ad897a6a2,
        type: 3}
      propertyPath: m_LocalEulerAnglesHint.x
      value: 0
      objectReference: {fileID: 0}
    - target: {fileID: 1824128180461613205, guid: db79a05d86c8ecd449a1e26ad897a6a2,
        type: 3}
      propertyPath: m_LocalEulerAnglesHint.y
      value: 0
      objectReference: {fileID: 0}
    - target: {fileID: 1824128180461613205, guid: db79a05d86c8ecd449a1e26ad897a6a2,
        type: 3}
      propertyPath: m_LocalEulerAnglesHint.z
      value: 0
      objectReference: {fileID: 0}
    m_RemovedComponents: []
  m_SourcePrefab: {fileID: 100100000, guid: db79a05d86c8ecd449a1e26ad897a6a2, type: 3}
--- !u!4 &2779174175465777919 stripped
Transform:
  m_CorrespondingSourceObject: {fileID: 1824128180461613205, guid: db79a05d86c8ecd449a1e26ad897a6a2,
    type: 3}
  m_PrefabInstance: {fileID: 4593960629418728042}
  m_PrefabAsset: {fileID: 0}
--- !u!114 &2940525546153267782 stripped
MonoBehaviour:
  m_CorrespondingSourceObject: {fileID: 1661791694406764588, guid: db79a05d86c8ecd449a1e26ad897a6a2,
    type: 3}
  m_PrefabInstance: {fileID: 4593960629418728042}
  m_PrefabAsset: {fileID: 0}
  m_GameObject: {fileID: 0}
  m_Enabled: 1
  m_EditorHideFlags: 0
  m_Script: {fileID: 11500000, guid: 76040cace030d3147b4e1fa46e68cfb7, type: 3}
  m_Name: 
  m_EditorClassIdentifier: 
--- !u!1001 &4593960629555059698
PrefabInstance:
  m_ObjectHideFlags: 0
  serializedVersion: 2
  m_Modification:
    m_TransformParent: {fileID: 4593960628971555896}
    m_Modifications:
    - target: {fileID: 1824128180461613204, guid: db79a05d86c8ecd449a1e26ad897a6a2,
        type: 3}
      propertyPath: m_Name
      value: EnemyColumn (5)
      objectReference: {fileID: 0}
    - target: {fileID: 1824128180461613204, guid: db79a05d86c8ecd449a1e26ad897a6a2,
        type: 3}
      propertyPath: m_IsActive
      value: 1
      objectReference: {fileID: 0}
    - target: {fileID: 1824128180461613205, guid: db79a05d86c8ecd449a1e26ad897a6a2,
        type: 3}
      propertyPath: m_LocalPosition.x
      value: 0
      objectReference: {fileID: 0}
    - target: {fileID: 1824128180461613205, guid: db79a05d86c8ecd449a1e26ad897a6a2,
        type: 3}
      propertyPath: m_LocalPosition.y
      value: 280
      objectReference: {fileID: 0}
    - target: {fileID: 1824128180461613205, guid: db79a05d86c8ecd449a1e26ad897a6a2,
        type: 3}
      propertyPath: m_LocalPosition.z
      value: 0
      objectReference: {fileID: 0}
    - target: {fileID: 1824128180461613205, guid: db79a05d86c8ecd449a1e26ad897a6a2,
        type: 3}
      propertyPath: m_LocalRotation.x
      value: -0
      objectReference: {fileID: 0}
    - target: {fileID: 1824128180461613205, guid: db79a05d86c8ecd449a1e26ad897a6a2,
        type: 3}
      propertyPath: m_LocalRotation.y
      value: -0
      objectReference: {fileID: 0}
    - target: {fileID: 1824128180461613205, guid: db79a05d86c8ecd449a1e26ad897a6a2,
        type: 3}
      propertyPath: m_LocalRotation.z
      value: -0
      objectReference: {fileID: 0}
    - target: {fileID: 1824128180461613205, guid: db79a05d86c8ecd449a1e26ad897a6a2,
        type: 3}
      propertyPath: m_LocalRotation.w
      value: 1
      objectReference: {fileID: 0}
    - target: {fileID: 1824128180461613205, guid: db79a05d86c8ecd449a1e26ad897a6a2,
        type: 3}
      propertyPath: m_RootOrder
      value: 7
      objectReference: {fileID: 0}
    - target: {fileID: 1824128180461613205, guid: db79a05d86c8ecd449a1e26ad897a6a2,
        type: 3}
      propertyPath: m_LocalEulerAnglesHint.x
      value: 0
      objectReference: {fileID: 0}
    - target: {fileID: 1824128180461613205, guid: db79a05d86c8ecd449a1e26ad897a6a2,
        type: 3}
      propertyPath: m_LocalEulerAnglesHint.y
      value: 0
      objectReference: {fileID: 0}
    - target: {fileID: 1824128180461613205, guid: db79a05d86c8ecd449a1e26ad897a6a2,
        type: 3}
      propertyPath: m_LocalEulerAnglesHint.z
      value: 0
      objectReference: {fileID: 0}
    m_RemovedComponents: []
  m_SourcePrefab: {fileID: 100100000, guid: db79a05d86c8ecd449a1e26ad897a6a2, type: 3}
--- !u!114 &2940525546281178078 stripped
MonoBehaviour:
  m_CorrespondingSourceObject: {fileID: 1661791694406764588, guid: db79a05d86c8ecd449a1e26ad897a6a2,
    type: 3}
  m_PrefabInstance: {fileID: 4593960629555059698}
  m_PrefabAsset: {fileID: 0}
  m_GameObject: {fileID: 0}
  m_Enabled: 1
  m_EditorHideFlags: 0
  m_Script: {fileID: 11500000, guid: 76040cace030d3147b4e1fa46e68cfb7, type: 3}
  m_Name: 
  m_EditorClassIdentifier: 
--- !u!4 &2779174175337868135 stripped
Transform:
  m_CorrespondingSourceObject: {fileID: 1824128180461613205, guid: db79a05d86c8ecd449a1e26ad897a6a2,
    type: 3}
  m_PrefabInstance: {fileID: 4593960629555059698}
  m_PrefabAsset: {fileID: 0}
--- !u!1001 &4593960629811741363
PrefabInstance:
  m_ObjectHideFlags: 0
  serializedVersion: 2
  m_Modification:
    m_TransformParent: {fileID: 4593960628971555896}
    m_Modifications:
    - target: {fileID: 1824128180461613204, guid: db79a05d86c8ecd449a1e26ad897a6a2,
        type: 3}
      propertyPath: m_Name
      value: EnemyColumn (7)
      objectReference: {fileID: 0}
    - target: {fileID: 1824128180461613204, guid: db79a05d86c8ecd449a1e26ad897a6a2,
        type: 3}
      propertyPath: m_IsActive
      value: 1
      objectReference: {fileID: 0}
    - target: {fileID: 1824128180461613205, guid: db79a05d86c8ecd449a1e26ad897a6a2,
        type: 3}
      propertyPath: m_LocalPosition.x
      value: 80
      objectReference: {fileID: 0}
    - target: {fileID: 1824128180461613205, guid: db79a05d86c8ecd449a1e26ad897a6a2,
        type: 3}
      propertyPath: m_LocalPosition.y
      value: 280
      objectReference: {fileID: 0}
    - target: {fileID: 1824128180461613205, guid: db79a05d86c8ecd449a1e26ad897a6a2,
        type: 3}
      propertyPath: m_LocalPosition.z
      value: 0
      objectReference: {fileID: 0}
    - target: {fileID: 1824128180461613205, guid: db79a05d86c8ecd449a1e26ad897a6a2,
        type: 3}
      propertyPath: m_LocalRotation.x
      value: -0
      objectReference: {fileID: 0}
    - target: {fileID: 1824128180461613205, guid: db79a05d86c8ecd449a1e26ad897a6a2,
        type: 3}
      propertyPath: m_LocalRotation.y
      value: -0
      objectReference: {fileID: 0}
    - target: {fileID: 1824128180461613205, guid: db79a05d86c8ecd449a1e26ad897a6a2,
        type: 3}
      propertyPath: m_LocalRotation.z
      value: -0
      objectReference: {fileID: 0}
    - target: {fileID: 1824128180461613205, guid: db79a05d86c8ecd449a1e26ad897a6a2,
        type: 3}
      propertyPath: m_LocalRotation.w
      value: 1
      objectReference: {fileID: 0}
    - target: {fileID: 1824128180461613205, guid: db79a05d86c8ecd449a1e26ad897a6a2,
        type: 3}
      propertyPath: m_RootOrder
      value: 9
      objectReference: {fileID: 0}
    - target: {fileID: 1824128180461613205, guid: db79a05d86c8ecd449a1e26ad897a6a2,
        type: 3}
      propertyPath: m_LocalEulerAnglesHint.x
      value: 0
      objectReference: {fileID: 0}
    - target: {fileID: 1824128180461613205, guid: db79a05d86c8ecd449a1e26ad897a6a2,
        type: 3}
      propertyPath: m_LocalEulerAnglesHint.y
      value: 0
      objectReference: {fileID: 0}
    - target: {fileID: 1824128180461613205, guid: db79a05d86c8ecd449a1e26ad897a6a2,
        type: 3}
      propertyPath: m_LocalEulerAnglesHint.z
      value: 0
      objectReference: {fileID: 0}
    m_RemovedComponents: []
  m_SourcePrefab: {fileID: 100100000, guid: db79a05d86c8ecd449a1e26ad897a6a2, type: 3}
--- !u!4 &2779174175057556006 stripped
Transform:
  m_CorrespondingSourceObject: {fileID: 1824128180461613205, guid: db79a05d86c8ecd449a1e26ad897a6a2,
    type: 3}
  m_PrefabInstance: {fileID: 4593960629811741363}
  m_PrefabAsset: {fileID: 0}
--- !u!114 &2940525546024487583 stripped
MonoBehaviour:
  m_CorrespondingSourceObject: {fileID: 1661791694406764588, guid: db79a05d86c8ecd449a1e26ad897a6a2,
    type: 3}
  m_PrefabInstance: {fileID: 4593960629811741363}
  m_PrefabAsset: {fileID: 0}
  m_GameObject: {fileID: 0}
  m_Enabled: 1
  m_EditorHideFlags: 0
  m_Script: {fileID: 11500000, guid: 76040cace030d3147b4e1fa46e68cfb7, type: 3}
  m_Name: 
  m_EditorClassIdentifier: 
--- !u!1001 &4593960629903541320
PrefabInstance:
  m_ObjectHideFlags: 0
  serializedVersion: 2
  m_Modification:
    m_TransformParent: {fileID: 4593960628971555896}
    m_Modifications:
    - target: {fileID: 1824128180461613204, guid: db79a05d86c8ecd449a1e26ad897a6a2,
        type: 3}
      propertyPath: m_Name
      value: EnemyColumn (3)
      objectReference: {fileID: 0}
    - target: {fileID: 1824128180461613204, guid: db79a05d86c8ecd449a1e26ad897a6a2,
        type: 3}
      propertyPath: m_IsActive
      value: 1
      objectReference: {fileID: 0}
    - target: {fileID: 1824128180461613205, guid: db79a05d86c8ecd449a1e26ad897a6a2,
        type: 3}
      propertyPath: m_LocalPosition.x
      value: -80
      objectReference: {fileID: 0}
    - target: {fileID: 1824128180461613205, guid: db79a05d86c8ecd449a1e26ad897a6a2,
        type: 3}
      propertyPath: m_LocalPosition.y
      value: 280
      objectReference: {fileID: 0}
    - target: {fileID: 1824128180461613205, guid: db79a05d86c8ecd449a1e26ad897a6a2,
        type: 3}
      propertyPath: m_LocalPosition.z
      value: 0
      objectReference: {fileID: 0}
    - target: {fileID: 1824128180461613205, guid: db79a05d86c8ecd449a1e26ad897a6a2,
        type: 3}
      propertyPath: m_LocalRotation.x
      value: -0
      objectReference: {fileID: 0}
    - target: {fileID: 1824128180461613205, guid: db79a05d86c8ecd449a1e26ad897a6a2,
        type: 3}
      propertyPath: m_LocalRotation.y
      value: -0
      objectReference: {fileID: 0}
    - target: {fileID: 1824128180461613205, guid: db79a05d86c8ecd449a1e26ad897a6a2,
        type: 3}
      propertyPath: m_LocalRotation.z
      value: -0
      objectReference: {fileID: 0}
    - target: {fileID: 1824128180461613205, guid: db79a05d86c8ecd449a1e26ad897a6a2,
        type: 3}
      propertyPath: m_LocalRotation.w
      value: 1
      objectReference: {fileID: 0}
    - target: {fileID: 1824128180461613205, guid: db79a05d86c8ecd449a1e26ad897a6a2,
        type: 3}
      propertyPath: m_RootOrder
      value: 5
      objectReference: {fileID: 0}
    - target: {fileID: 1824128180461613205, guid: db79a05d86c8ecd449a1e26ad897a6a2,
        type: 3}
      propertyPath: m_LocalEulerAnglesHint.x
      value: 0
      objectReference: {fileID: 0}
    - target: {fileID: 1824128180461613205, guid: db79a05d86c8ecd449a1e26ad897a6a2,
        type: 3}
      propertyPath: m_LocalEulerAnglesHint.y
      value: 0
      objectReference: {fileID: 0}
    - target: {fileID: 1824128180461613205, guid: db79a05d86c8ecd449a1e26ad897a6a2,
        type: 3}
      propertyPath: m_LocalEulerAnglesHint.z
      value: 0
      objectReference: {fileID: 0}
    m_RemovedComponents: []
  m_SourcePrefab: {fileID: 100100000, guid: db79a05d86c8ecd449a1e26ad897a6a2, type: 3}
--- !u!114 &2940525546603842660 stripped
MonoBehaviour:
  m_CorrespondingSourceObject: {fileID: 1661791694406764588, guid: db79a05d86c8ecd449a1e26ad897a6a2,
    type: 3}
  m_PrefabInstance: {fileID: 4593960629903541320}
  m_PrefabAsset: {fileID: 0}
  m_GameObject: {fileID: 0}
  m_Enabled: 1
  m_EditorHideFlags: 0
  m_Script: {fileID: 11500000, guid: 76040cace030d3147b4e1fa46e68cfb7, type: 3}
  m_Name: 
  m_EditorClassIdentifier: 
--- !u!4 &2779174176055260381 stripped
Transform:
  m_CorrespondingSourceObject: {fileID: 1824128180461613205, guid: db79a05d86c8ecd449a1e26ad897a6a2,
    type: 3}
  m_PrefabInstance: {fileID: 4593960629903541320}
  m_PrefabAsset: {fileID: 0}
--- !u!1001 &4593960630160753461
PrefabInstance:
  m_ObjectHideFlags: 0
  serializedVersion: 2
  m_Modification:
    m_TransformParent: {fileID: 4593960628971555896}
    m_Modifications:
    - target: {fileID: 1824128180461613204, guid: db79a05d86c8ecd449a1e26ad897a6a2,
        type: 3}
      propertyPath: m_Name
      value: EnemyColumn (9)
      objectReference: {fileID: 0}
    - target: {fileID: 1824128180461613204, guid: db79a05d86c8ecd449a1e26ad897a6a2,
        type: 3}
      propertyPath: m_IsActive
      value: 1
      objectReference: {fileID: 0}
    - target: {fileID: 1824128180461613205, guid: db79a05d86c8ecd449a1e26ad897a6a2,
        type: 3}
      propertyPath: m_LocalPosition.x
      value: 160
      objectReference: {fileID: 0}
    - target: {fileID: 1824128180461613205, guid: db79a05d86c8ecd449a1e26ad897a6a2,
        type: 3}
      propertyPath: m_LocalPosition.y
      value: 280
      objectReference: {fileID: 0}
    - target: {fileID: 1824128180461613205, guid: db79a05d86c8ecd449a1e26ad897a6a2,
        type: 3}
      propertyPath: m_LocalPosition.z
      value: 0
      objectReference: {fileID: 0}
    - target: {fileID: 1824128180461613205, guid: db79a05d86c8ecd449a1e26ad897a6a2,
        type: 3}
      propertyPath: m_LocalRotation.x
      value: -0
      objectReference: {fileID: 0}
    - target: {fileID: 1824128180461613205, guid: db79a05d86c8ecd449a1e26ad897a6a2,
        type: 3}
      propertyPath: m_LocalRotation.y
      value: -0
      objectReference: {fileID: 0}
    - target: {fileID: 1824128180461613205, guid: db79a05d86c8ecd449a1e26ad897a6a2,
        type: 3}
      propertyPath: m_LocalRotation.z
      value: -0
      objectReference: {fileID: 0}
    - target: {fileID: 1824128180461613205, guid: db79a05d86c8ecd449a1e26ad897a6a2,
        type: 3}
      propertyPath: m_LocalRotation.w
      value: 1
      objectReference: {fileID: 0}
    - target: {fileID: 1824128180461613205, guid: db79a05d86c8ecd449a1e26ad897a6a2,
        type: 3}
      propertyPath: m_RootOrder
      value: 11
      objectReference: {fileID: 0}
    - target: {fileID: 1824128180461613205, guid: db79a05d86c8ecd449a1e26ad897a6a2,
        type: 3}
      propertyPath: m_LocalEulerAnglesHint.x
      value: 0
      objectReference: {fileID: 0}
    - target: {fileID: 1824128180461613205, guid: db79a05d86c8ecd449a1e26ad897a6a2,
        type: 3}
      propertyPath: m_LocalEulerAnglesHint.y
      value: 0
      objectReference: {fileID: 0}
    - target: {fileID: 1824128180461613205, guid: db79a05d86c8ecd449a1e26ad897a6a2,
        type: 3}
      propertyPath: m_LocalEulerAnglesHint.z
      value: 0
      objectReference: {fileID: 0}
    m_RemovedComponents: []
  m_SourcePrefab: {fileID: 100100000, guid: db79a05d86c8ecd449a1e26ad897a6a2, type: 3}
--- !u!114 &2940525546348727065 stripped
MonoBehaviour:
  m_CorrespondingSourceObject: {fileID: 1661791694406764588, guid: db79a05d86c8ecd449a1e26ad897a6a2,
    type: 3}
  m_PrefabInstance: {fileID: 4593960630160753461}
  m_PrefabAsset: {fileID: 0}
  m_GameObject: {fileID: 0}
  m_Enabled: 1
  m_EditorHideFlags: 0
  m_Script: {fileID: 11500000, guid: 76040cace030d3147b4e1fa46e68cfb7, type: 3}
  m_Name: 
  m_EditorClassIdentifier: 
--- !u!4 &2779174175807189920 stripped
Transform:
  m_CorrespondingSourceObject: {fileID: 1824128180461613205, guid: db79a05d86c8ecd449a1e26ad897a6a2,
    type: 3}
  m_PrefabInstance: {fileID: 4593960630160753461}
  m_PrefabAsset: {fileID: 0}
--- !u!1001 &4593960630178673708
PrefabInstance:
  m_ObjectHideFlags: 0
  serializedVersion: 2
  m_Modification:
    m_TransformParent: {fileID: 4593960628971555896}
    m_Modifications:
    - target: {fileID: 1824128180461613204, guid: db79a05d86c8ecd449a1e26ad897a6a2,
        type: 3}
      propertyPath: m_Name
      value: EnemyColumn (4)
      objectReference: {fileID: 0}
    - target: {fileID: 1824128180461613204, guid: db79a05d86c8ecd449a1e26ad897a6a2,
        type: 3}
      propertyPath: m_IsActive
      value: 1
      objectReference: {fileID: 0}
    - target: {fileID: 1824128180461613205, guid: db79a05d86c8ecd449a1e26ad897a6a2,
        type: 3}
      propertyPath: m_LocalPosition.x
      value: -40
      objectReference: {fileID: 0}
    - target: {fileID: 1824128180461613205, guid: db79a05d86c8ecd449a1e26ad897a6a2,
        type: 3}
      propertyPath: m_LocalPosition.y
      value: 280
      objectReference: {fileID: 0}
    - target: {fileID: 1824128180461613205, guid: db79a05d86c8ecd449a1e26ad897a6a2,
        type: 3}
      propertyPath: m_LocalPosition.z
      value: 0
      objectReference: {fileID: 0}
    - target: {fileID: 1824128180461613205, guid: db79a05d86c8ecd449a1e26ad897a6a2,
        type: 3}
      propertyPath: m_LocalRotation.x
      value: -0
      objectReference: {fileID: 0}
    - target: {fileID: 1824128180461613205, guid: db79a05d86c8ecd449a1e26ad897a6a2,
        type: 3}
      propertyPath: m_LocalRotation.y
      value: -0
      objectReference: {fileID: 0}
    - target: {fileID: 1824128180461613205, guid: db79a05d86c8ecd449a1e26ad897a6a2,
        type: 3}
      propertyPath: m_LocalRotation.z
      value: -0
      objectReference: {fileID: 0}
    - target: {fileID: 1824128180461613205, guid: db79a05d86c8ecd449a1e26ad897a6a2,
        type: 3}
      propertyPath: m_LocalRotation.w
      value: 1
      objectReference: {fileID: 0}
    - target: {fileID: 1824128180461613205, guid: db79a05d86c8ecd449a1e26ad897a6a2,
        type: 3}
      propertyPath: m_RootOrder
      value: 6
      objectReference: {fileID: 0}
    - target: {fileID: 1824128180461613205, guid: db79a05d86c8ecd449a1e26ad897a6a2,
        type: 3}
      propertyPath: m_LocalEulerAnglesHint.x
      value: 0
      objectReference: {fileID: 0}
    - target: {fileID: 1824128180461613205, guid: db79a05d86c8ecd449a1e26ad897a6a2,
        type: 3}
      propertyPath: m_LocalEulerAnglesHint.y
      value: 0
      objectReference: {fileID: 0}
    - target: {fileID: 1824128180461613205, guid: db79a05d86c8ecd449a1e26ad897a6a2,
        type: 3}
      propertyPath: m_LocalEulerAnglesHint.z
      value: 0
      objectReference: {fileID: 0}
    m_RemovedComponents: []
  m_SourcePrefab: {fileID: 100100000, guid: db79a05d86c8ecd449a1e26ad897a6a2, type: 3}
--- !u!114 &2940525546332929024 stripped
MonoBehaviour:
  m_CorrespondingSourceObject: {fileID: 1661791694406764588, guid: db79a05d86c8ecd449a1e26ad897a6a2,
    type: 3}
  m_PrefabInstance: {fileID: 4593960630178673708}
  m_PrefabAsset: {fileID: 0}
  m_GameObject: {fileID: 0}
  m_Enabled: 1
  m_EditorHideFlags: 0
  m_Script: {fileID: 11500000, guid: 76040cace030d3147b4e1fa46e68cfb7, type: 3}
  m_Name: 
  m_EditorClassIdentifier: 
--- !u!4 &2779174175789302969 stripped
Transform:
  m_CorrespondingSourceObject: {fileID: 1824128180461613205, guid: db79a05d86c8ecd449a1e26ad897a6a2,
    type: 3}
  m_PrefabInstance: {fileID: 4593960630178673708}
  m_PrefabAsset: {fileID: 0}
--- !u!1001 &4593960630282656337
PrefabInstance:
  m_ObjectHideFlags: 0
  serializedVersion: 2
  m_Modification:
    m_TransformParent: {fileID: 4593960628971555896}
    m_Modifications:
    - target: {fileID: 1824128180461613204, guid: db79a05d86c8ecd449a1e26ad897a6a2,
        type: 3}
      propertyPath: m_Name
      value: EnemyColumn (10)
      objectReference: {fileID: 0}
    - target: {fileID: 1824128180461613204, guid: db79a05d86c8ecd449a1e26ad897a6a2,
        type: 3}
      propertyPath: m_IsActive
      value: 1
      objectReference: {fileID: 0}
    - target: {fileID: 1824128180461613205, guid: db79a05d86c8ecd449a1e26ad897a6a2,
        type: 3}
      propertyPath: m_LocalPosition.x
      value: 200
      objectReference: {fileID: 0}
    - target: {fileID: 1824128180461613205, guid: db79a05d86c8ecd449a1e26ad897a6a2,
        type: 3}
      propertyPath: m_LocalPosition.y
      value: 280
      objectReference: {fileID: 0}
    - target: {fileID: 1824128180461613205, guid: db79a05d86c8ecd449a1e26ad897a6a2,
        type: 3}
      propertyPath: m_LocalPosition.z
      value: 0
      objectReference: {fileID: 0}
    - target: {fileID: 1824128180461613205, guid: db79a05d86c8ecd449a1e26ad897a6a2,
        type: 3}
      propertyPath: m_LocalRotation.x
      value: -0
      objectReference: {fileID: 0}
    - target: {fileID: 1824128180461613205, guid: db79a05d86c8ecd449a1e26ad897a6a2,
        type: 3}
      propertyPath: m_LocalRotation.y
      value: -0
      objectReference: {fileID: 0}
    - target: {fileID: 1824128180461613205, guid: db79a05d86c8ecd449a1e26ad897a6a2,
        type: 3}
      propertyPath: m_LocalRotation.z
      value: -0
      objectReference: {fileID: 0}
    - target: {fileID: 1824128180461613205, guid: db79a05d86c8ecd449a1e26ad897a6a2,
        type: 3}
      propertyPath: m_LocalRotation.w
      value: 1
      objectReference: {fileID: 0}
    - target: {fileID: 1824128180461613205, guid: db79a05d86c8ecd449a1e26ad897a6a2,
        type: 3}
      propertyPath: m_RootOrder
      value: 12
      objectReference: {fileID: 0}
    - target: {fileID: 1824128180461613205, guid: db79a05d86c8ecd449a1e26ad897a6a2,
        type: 3}
      propertyPath: m_LocalEulerAnglesHint.x
      value: 0
      objectReference: {fileID: 0}
    - target: {fileID: 1824128180461613205, guid: db79a05d86c8ecd449a1e26ad897a6a2,
        type: 3}
      propertyPath: m_LocalEulerAnglesHint.y
      value: 0
      objectReference: {fileID: 0}
    - target: {fileID: 1824128180461613205, guid: db79a05d86c8ecd449a1e26ad897a6a2,
        type: 3}
      propertyPath: m_LocalEulerAnglesHint.z
      value: 0
      objectReference: {fileID: 0}
    m_RemovedComponents: []
  m_SourcePrefab: {fileID: 100100000, guid: db79a05d86c8ecd449a1e26ad897a6a2, type: 3}
--- !u!114 &2940525546497364605 stripped
MonoBehaviour:
  m_CorrespondingSourceObject: {fileID: 1661791694406764588, guid: db79a05d86c8ecd449a1e26ad897a6a2,
    type: 3}
  m_PrefabInstance: {fileID: 4593960630282656337}
  m_PrefabAsset: {fileID: 0}
  m_GameObject: {fileID: 0}
  m_Enabled: 1
  m_EditorHideFlags: 0
  m_Script: {fileID: 11500000, guid: 76040cace030d3147b4e1fa46e68cfb7, type: 3}
  m_Name: 
  m_EditorClassIdentifier: 
--- !u!4 &2779174175658552004 stripped
Transform:
  m_CorrespondingSourceObject: {fileID: 1824128180461613205, guid: db79a05d86c8ecd449a1e26ad897a6a2,
    type: 3}
  m_PrefabInstance: {fileID: 4593960630282656337}
  m_PrefabAsset: {fileID: 0}
--- !u!1001 &7389672021027121701
PrefabInstance:
  m_ObjectHideFlags: 0
  serializedVersion: 2
  m_Modification:
    m_TransformParent: {fileID: 81092646}
    m_Modifications:
    - target: {fileID: 3684399742121242062, guid: f4da6ef23c36d7440a4f8374d3d2abdf,
        type: 3}
      propertyPath: m_Name
      value: Obstacle
      objectReference: {fileID: 0}
    - target: {fileID: 3684399742121242063, guid: f4da6ef23c36d7440a4f8374d3d2abdf,
        type: 3}
      propertyPath: m_LocalPosition.x
      value: -166
      objectReference: {fileID: 0}
    - target: {fileID: 3684399742121242063, guid: f4da6ef23c36d7440a4f8374d3d2abdf,
        type: 3}
      propertyPath: m_LocalPosition.y
      value: 0
      objectReference: {fileID: 0}
    - target: {fileID: 3684399742121242063, guid: f4da6ef23c36d7440a4f8374d3d2abdf,
        type: 3}
      propertyPath: m_LocalPosition.z
      value: 0
      objectReference: {fileID: 0}
    - target: {fileID: 3684399742121242063, guid: f4da6ef23c36d7440a4f8374d3d2abdf,
        type: 3}
      propertyPath: m_LocalRotation.x
      value: -0
      objectReference: {fileID: 0}
    - target: {fileID: 3684399742121242063, guid: f4da6ef23c36d7440a4f8374d3d2abdf,
        type: 3}
      propertyPath: m_LocalRotation.y
      value: -0
      objectReference: {fileID: 0}
    - target: {fileID: 3684399742121242063, guid: f4da6ef23c36d7440a4f8374d3d2abdf,
        type: 3}
      propertyPath: m_LocalRotation.z
      value: -0
      objectReference: {fileID: 0}
    - target: {fileID: 3684399742121242063, guid: f4da6ef23c36d7440a4f8374d3d2abdf,
        type: 3}
      propertyPath: m_LocalRotation.w
      value: 1
      objectReference: {fileID: 0}
    - target: {fileID: 3684399742121242063, guid: f4da6ef23c36d7440a4f8374d3d2abdf,
        type: 3}
      propertyPath: m_RootOrder
      value: 0
      objectReference: {fileID: 0}
    - target: {fileID: 3684399742121242063, guid: f4da6ef23c36d7440a4f8374d3d2abdf,
        type: 3}
      propertyPath: m_LocalEulerAnglesHint.x
      value: 0
      objectReference: {fileID: 0}
    - target: {fileID: 3684399742121242063, guid: f4da6ef23c36d7440a4f8374d3d2abdf,
        type: 3}
      propertyPath: m_LocalEulerAnglesHint.y
      value: 0
      objectReference: {fileID: 0}
    - target: {fileID: 3684399742121242063, guid: f4da6ef23c36d7440a4f8374d3d2abdf,
        type: 3}
      propertyPath: m_LocalEulerAnglesHint.z
      value: 0
      objectReference: {fileID: 0}
    m_RemovedComponents: []
  m_SourcePrefab: {fileID: 100100000, guid: f4da6ef23c36d7440a4f8374d3d2abdf, type: 3}
--- !u!4 &6173587942869272554 stripped
Transform:
  m_CorrespondingSourceObject: {fileID: 3684399742121242063, guid: f4da6ef23c36d7440a4f8374d3d2abdf,
    type: 3}
  m_PrefabInstance: {fileID: 7389672021027121701}
  m_PrefabAsset: {fileID: 0}
--- !u!1001 &8420052228016513685
PrefabInstance:
  m_ObjectHideFlags: 0
  serializedVersion: 2
  m_Modification:
    m_TransformParent: {fileID: 81092646}
    m_Modifications:
    - target: {fileID: 3684399742121242062, guid: f4da6ef23c36d7440a4f8374d3d2abdf,
        type: 3}
      propertyPath: m_Name
      value: Obstacle (2)
      objectReference: {fileID: 0}
    - target: {fileID: 3684399742121242063, guid: f4da6ef23c36d7440a4f8374d3d2abdf,
        type: 3}
      propertyPath: m_LocalPosition.x
      value: 57.5
      objectReference: {fileID: 0}
    - target: {fileID: 3684399742121242063, guid: f4da6ef23c36d7440a4f8374d3d2abdf,
        type: 3}
      propertyPath: m_LocalPosition.y
      value: 0
      objectReference: {fileID: 0}
    - target: {fileID: 3684399742121242063, guid: f4da6ef23c36d7440a4f8374d3d2abdf,
        type: 3}
      propertyPath: m_LocalPosition.z
      value: 0
      objectReference: {fileID: 0}
    - target: {fileID: 3684399742121242063, guid: f4da6ef23c36d7440a4f8374d3d2abdf,
        type: 3}
      propertyPath: m_LocalRotation.x
      value: -0
      objectReference: {fileID: 0}
    - target: {fileID: 3684399742121242063, guid: f4da6ef23c36d7440a4f8374d3d2abdf,
        type: 3}
      propertyPath: m_LocalRotation.y
      value: -0
      objectReference: {fileID: 0}
    - target: {fileID: 3684399742121242063, guid: f4da6ef23c36d7440a4f8374d3d2abdf,
        type: 3}
      propertyPath: m_LocalRotation.z
      value: -0
      objectReference: {fileID: 0}
    - target: {fileID: 3684399742121242063, guid: f4da6ef23c36d7440a4f8374d3d2abdf,
        type: 3}
      propertyPath: m_LocalRotation.w
      value: 1
      objectReference: {fileID: 0}
    - target: {fileID: 3684399742121242063, guid: f4da6ef23c36d7440a4f8374d3d2abdf,
        type: 3}
      propertyPath: m_RootOrder
      value: 2
      objectReference: {fileID: 0}
    - target: {fileID: 3684399742121242063, guid: f4da6ef23c36d7440a4f8374d3d2abdf,
        type: 3}
      propertyPath: m_LocalEulerAnglesHint.x
      value: 0
      objectReference: {fileID: 0}
    - target: {fileID: 3684399742121242063, guid: f4da6ef23c36d7440a4f8374d3d2abdf,
        type: 3}
      propertyPath: m_LocalEulerAnglesHint.y
      value: 0
      objectReference: {fileID: 0}
    - target: {fileID: 3684399742121242063, guid: f4da6ef23c36d7440a4f8374d3d2abdf,
        type: 3}
      propertyPath: m_LocalEulerAnglesHint.z
      value: 0
      objectReference: {fileID: 0}
    m_RemovedComponents: []
  m_SourcePrefab: {fileID: 100100000, guid: f4da6ef23c36d7440a4f8374d3d2abdf, type: 3}
--- !u!4 &5186905322085961562 stripped
Transform:
  m_CorrespondingSourceObject: {fileID: 3684399742121242063, guid: f4da6ef23c36d7440a4f8374d3d2abdf,
    type: 3}
  m_PrefabInstance: {fileID: 8420052228016513685}
  m_PrefabAsset: {fileID: 0}
